%% This BibTeX bibliography file was created using BibDesk.
%% https://bibdesk.sourceforge.io/

%% Created for Carlos Braga at 2020-07-03 16:47:29 +0100


%% Saved with string encoding Unicode (UTF-8)

@book{parker2012practical,
	Author = {Parker, T.S. and Chua, L.},
	Date-Added = {2020-07-03 16:47:25 +0100},
	Date-Modified = {2020-07-03 16:47:25 +0100},
	Isbn = {9781461234869},
	Publisher = {Springer New York},
	Title = {Practical Numerical Algorithms for Chaotic Systems},
	Url = {https://books.google.co.uk/books?id=lHDjBwAAQBAJ},
	Year = {2012},
	Bdsk-Url-1 = {https://books.google.co.uk/books?id=lHDjBwAAQBAJ}}

@book{hoover2012time,
	Author = {Hoover, W.G. and Hoover, C.G.},
	Date-Added = {2020-07-03 16:47:22 +0100},
	Date-Modified = {2020-07-03 16:47:22 +0100},
	Isbn = {9789814452977},
	Publisher = {World Scientific Publishing Company},
	Series = {Advanced Series In Nonlinear Dynamics},
	Title = {Time Reversibility, Computer Simulation, Algorithms, Chaos (2nd Edition)},
	Url = {https://books.google.co.uk/books?id=QAu7CgAAQBAJ},
	Year = {2012},
	Bdsk-Url-1 = {https://books.google.co.uk/books?id=QAu7CgAAQBAJ}}

@book{thompson2002nonlinear,
	Author = {Thompson, J.M.T. and Stewart, H.B.},
	Date-Added = {2020-07-03 16:42:41 +0100},
	Date-Modified = {2020-07-03 16:42:41 +0100},
	Isbn = {9780471876847},
	Lccn = {2001045407},
	Publisher = {Wiley},
	Title = {Nonlinear Dynamics and Chaos},
	Url = {https://books.google.co.uk/books?id=vQvu-5VPkmcC},
	Year = {2002},
	Bdsk-Url-1 = {https://books.google.co.uk/books?id=vQvu-5VPkmcC}}
